@book{smith2006,
  author = {Smith, Joshua B.},
  isbn = {159059620X},
  keywords = {fp ocaml},
  month = {October},
  pages = 488,
  publisher = {Apress},
  title = {Practical OCaml},
  year = 2006
}

@book{paulson1996,
 author = {Paulson, Lawrence C.},
 title = {ML for the working programmer (2nd ed.)},
 year = {1996},
 isbn = {0-521-56543-X},
 publisher = {Cambridge University Press},
 address = {New York, NY, USA},
}
